
%-------------------------- my paper --------------------------------

@article{Fujita:2013cna,
      author         = "Fujita, Tomohiro and Kawasaki, Masahiro and Tada,
                        Yuichiro and Takesako, Tomohiro",
      title          = "{A new algorithm for calculating the curvature
                        perturbations in stochastic inflation}",
      journal        = "JCAP",
      volume         = "1312",
      year           = "2013",
      pages          = "036",
      doi            = "10.1088/1475-7516/2013/12/036",
      eprint         = "1308.4754",
      archivePrefix  = "arXiv",
      primaryClass   = "astro-ph.CO",
      reportNumber   = "IPMU-13-0154, ICRR-REPORT-658-2013-7",
      SLACcitation   = "%%CITATION = ARXIV:1308.4754;%%"
}

@article{Fujita:2014tja,
      author         = "Fujita, Tomohiro and Kawasaki, Masahiro and Tada,
                        Yuichiro",
      title          = "{Non-perturbative approach for curvature perturbations in
                        stochastic $\delta N$ formalism}",
      journal        = "JCAP",
      volume         = "1410",
      year           = "2014",
      number         = "10",
      pages          = "030",
      doi            = "10.1088/1475-7516/2014/10/030",
      eprint         = "1405.2187",
      archivePrefix  = "arXiv",
      primaryClass   = "astro-ph.CO",
      reportNumber   = "ICRR-REPORT-680-2014-6, IPMU-14-0113",
      SLACcitation   = "%%CITATION = ARXIV:1405.2187;%%"
}


%--------------------------- delta N ---------------------------------

@article{Lyth:2004gb,
      author         = "Lyth, David H. and Malik, Karim A. and Sasaki, Misao",
      title          = "{A General proof of the conservation of the curvature
                        perturbation}",
      journal        = "JCAP",
      volume         = "0505",
      year           = "2005",
      pages          = "004",
      doi            = "10.1088/1475-7516/2005/05/004",
      eprint         = "astro-ph/0411220",
      archivePrefix  = "arXiv",
      primaryClass   = "astro-ph",
      reportNumber   = "YITP-04-67",
      SLACcitation   = "%%CITATION = ASTRO-PH/0411220;%%"
}


%------------------------ separate universe ----------------------

@article{Wands:2000dp,
      author         = "Wands, David and Malik, Karim A. and Lyth, David H. and
                        Liddle, Andrew R.",
      title          = "{A New approach to the evolution of cosmological
                        perturbations on large scales}",
      journal        = "Phys. Rev.",
      volume         = "D62",
      year           = "2000",
      pages          = "043527",
      doi            = "10.1103/PhysRevD.62.043527",
      eprint         = "astro-ph/0003278",
      archivePrefix  = "arXiv",
      primaryClass   = "astro-ph",
      SLACcitation   = "%%CITATION = ASTRO-PH/0003278;%%"
}


%--------------------- stochastic ------------------------

@article{Starobinsky:1986fx,
      author         = "Starobinsky, Alexei A.",
      title          = "{STOCHASTIC DE SITTER (INFLATIONARY) STAGE IN THE EARLY
                        UNIVERSE}",
      booktitle      = "{In *De Vega, H.j. ( Ed.), Sanchez, N. ( Ed.): Field
                        Theory, Quantum Gravity and Strings*, 107-126. Proceedings
                        of a Seminar Series Held at DAPHE, Observatoire de Meudon,
                        and LPTHE, Universit√© Pierre et Marie Curie, Paris,
                        Between October 1984 and October 1985.}",
      journal        = "Lect. Notes Phys.",
      volume         = "246",
      year           = "1986",
      pages          = "107-126",
      doi            = "10.1007/3-540-16452-9_6",
      SLACcitation   = "%%CITATION = LNPHA,246,107;%%"
}

@article{Morikawa:1989xz,
      author         = "Morikawa, Masahiro",
      title          = "{Dissipation and Fluctuation of Quantum Fields in
                        Expanding Universes}",
      journal        = "Phys. Rev.",
      volume         = "D42",
      year           = "1990",
      pages          = "1027-1034",
      doi            = "10.1103/PhysRevD.42.1027",
      reportNumber   = "Print-89-0564 (BRITISH COLUMBIA)",
      SLACcitation   = "%%CITATION = PHRVA,D42,1027;%%"
}

@article{Levasseur:2013ffa,
      author         = "Perreault Levasseur, Laurence",
      title          = "{Lagrangian formulation of stochastic inflation: Langevin
                        equations, one-loop corrections and a proposed recursive
                        approach}",
      journal        = "Phys. Rev.",
      volume         = "D88",
      year           = "2013",
      number         = "8",
      pages          = "083537",
      doi            = "10.1103/PhysRevD.88.083537",
      eprint         = "1304.6408",
      archivePrefix  = "arXiv",
      primaryClass   = "hep-th",
      SLACcitation   = "%%CITATION = ARXIV:1304.6408;%%"
}

@article{Levasseur:2013tja,
      author         = "Perreault Levasseur, Laurence and Vennin, Vincent and
                        Brandenberger, Robert",
      title          = "{Recursive Stochastic Effects in Valley Hybrid
                        Inflation}",
      journal        = "Phys. Rev.",
      volume         = "D88",
      year           = "2013",
      pages          = "083538",
      doi            = "10.1103/PhysRevD.88.083538",
      eprint         = "1307.2575",
      archivePrefix  = "arXiv",
      primaryClass   = "hep-th",
      SLACcitation   = "%%CITATION = ARXIV:1307.2575;%%"
}

@article{Habib:1992ci,
      author         = "Habib, Salman",
      title          = "{Stochastic inflation: The Quantum phase space approach}",
      journal        = "Phys. Rev.",
      volume         = "D46",
      year           = "1992",
      pages          = "2408-2427",
      doi            = "10.1103/PhysRevD.46.2408",
      eprint         = "gr-qc/9208006",
      archivePrefix  = "arXiv",
      primaryClass   = "gr-qc",
      reportNumber   = "LA-UR-92-1148",
      SLACcitation   = "%%CITATION = GR-QC/9208006;%%"
}

@article{Vilenkin:1999kd,
      author         = "Vilenkin, Alexander",
      title          = "{On the factor ordering problem in stochastic inflation}",
      journal        = "Phys. Rev.",
      volume         = "D59",
      year           = "1999",
      pages          = "123506",
      doi            = "10.1103/PhysRevD.59.123506",
      eprint         = "gr-qc/9902007",
      archivePrefix  = "arXiv",
      primaryClass   = "gr-qc",
      SLACcitation   = "%%CITATION = GR-QC/9902007;%%"
}

@article{Matarrese:2003ye,
      author         = "Matarrese, Sabino and Musso, Marcello A. and Riotto,
                        Antonio",
      title          = "{Influence of superhorizon scales on cosmological
                        observables generated during inflation}",
      journal        = "JCAP",
      volume         = "0405",
      year           = "2004",
      pages          = "008",
      doi            = "10.1088/1475-7516/2004/05/008",
      eprint         = "hep-th/0311059",
      archivePrefix  = "arXiv",
      primaryClass   = "hep-th",
      reportNumber   = "DFPD-03-A-42, FNT-T-2003-14",
      SLACcitation   = "%%CITATION = HEP-TH/0311059;%%"
}

@article{Matacz:1996gk,
      author         = "Matacz, Andrew",
      title          = "{A New theory of stochastic inflation}",
      journal        = "Phys. Rev.",
      volume         = "D55",
      year           = "1997",
      pages          = "1860-1874",
      doi            = "10.1103/PhysRevD.55.1860",
      eprint         = "gr-qc/9604022",
      archivePrefix  = "arXiv",
      primaryClass   = "gr-qc",
      SLACcitation   = "%%CITATION = GR-QC/9604022;%%"
}

@article{Tanaka:1997iy,
      author         = "Tanaka, Takahiro and Sakagami, Masa-aki",
      title          = "{Classical nature of the inflaton field with
                        selfinteraction}",
      journal        = "Prog. Theor. Phys.",
      volume         = "100",
      year           = "1998",
      pages          = "547-580",
      doi            = "10.1143/PTP.100.547",
      eprint         = "gr-qc/9705054",
      archivePrefix  = "arXiv",
      primaryClass   = "gr-qc",
      reportNumber   = "OU-TAP-50, KUCP-0107",
      SLACcitation   = "%%CITATION = GR-QC/9705054;%%"
}

@article{Shandera:2017qkg,
      author         = "Shandera, Sarah and Agarwal, Nishant and Kamal, Archana",
      title          = "{A cosmological open quantum system}",
      year           = "2017",
      eprint         = "1708.00493",
      archivePrefix  = "arXiv",
      primaryClass   = "hep-th",
      SLACcitation   = "%%CITATION = ARXIV:1708.00493;%%"
}


%----------------------- finite temperature -----------------------

@book{Das:1997gg,
      author         = "Das, Ashok K.",
      title          = "{Finite Temperature Field Theory}",
      publisher      = "World Scientific",
      address        = "New York",
      year           = "1997",
      journal        = "Singapore, Singapore: World Scientific (1997) 404 p",
      ISBN           = "9789810228569, 9789814498234",
      SLACcitation   = "%%CITATION = INSPIRE-457892;%%"
}


%-------------------- stochastic delta N ----------------------

@article{Vennin:2015hra,
      author         = "Vennin, Vincent and Starobinsky, Alexei A.",
      title          = "{Correlation Functions in Stochastic Inflation}",
      journal        = "Eur. Phys. J.",
      volume         = "C75",
      year           = "2015",
      pages          = "413",
      doi            = "10.1140/epjc/s10052-015-3643-y",
      eprint         = "1506.04732",
      archivePrefix  = "arXiv",
      primaryClass   = "hep-th",
      SLACcitation   = "%%CITATION = ARXIV:1506.04732;%%"
}

@article{Assadullahi:2016gkk,
      author         = "Assadullahi, Hooshyar and Firouzjahi, Hassan and
                        Noorbala, Mahdiyar and Vennin, Vincent and Wands, David",
      title          = "{Multiple Fields in Stochastic Inflation}",
      journal        = "JCAP",
      volume         = "1606",
      year           = "2016",
      number         = "06",
      pages          = "043",
      doi            = "10.1088/1475-7516/2016/06/043",
      eprint         = "1604.04502",
      archivePrefix  = "arXiv",
      primaryClass   = "hep-th",
      SLACcitation   = "%%CITATION = ARXIV:1604.04502;%%"
}

@article{Vennin:2016wnk,
      author         = "Vennin, Vincent and Assadullahi, Hooshyar and Firouzjahi,
                        Hassan and Noorbala, Mahdiyar and Wands, David",
      title          = "{Critical Number of Fields in Stochastic Inflation}",
      year           = "2016",
      eprint         = "1604.06017",
      archivePrefix  = "arXiv",
      primaryClass   = "astro-ph.CO",
      SLACcitation   = "%%CITATION = ARXIV:1604.06017;%%"
}


%--------------- stochastic calculus --------------------

@book{shreve2004stochastic,
  title={Stochastic calculus for finance II: Continuous-time models},
  author={Shreve, Steven E},
  volume={11},
  year={2004},
  publisher={Springer Science \& Business Media}
}








