
%------------------ textbook ----------------------

@book{Weinberg:2008zzc,
      author         = "Weinberg, Steven",
      title          = "{Cosmology}",
      url            = "http://www.oup.com/uk/catalogue/?ci=9780198526827",
      publisher       = "Oxford, UK: Oxford Univ. Pr. (2008) 593 p",
      year           = "2008",
      reportNumber   = "ISBN-9780198526827",
      SLACcitation   = "%%CITATION = ISBN-9780198526827;%%"
}

@book{Dodelson:2003ft,
      author         = "Dodelson, Scott",
      title          = "{Modern Cosmology}",
      publisher      = "Academic Press",
      address        = "Amsterdam",
      year           = "2003",
      url            = "http://www.slac.stanford.edu/spires/find/books/www?cl=QB981:D62:2003",
      journal        = "Amsterdam, Netherlands: Academic Pr. (2003) 440 p",
      ISBN           = "9780122191411",
      SLACcitation   = "%%CITATION = INSPIRE-640063;%%"
}


%------------------- inflation ------------------------

@article{Starobinsky:1980te,
      author         = "Starobinsky, Alexei A.",
      title          = "{A New Type of Isotropic Cosmological Models Without
                        Singularity}",
      journal        = "Phys. Lett.",
      volume         = "B91",
      year           = "1980",
      pages          = "99-102",
      doi            = "10.1016/0370-2693(80)90670-X",
      SLACcitation   = "%%CITATION = PHLTA,B91,99;%%"
}

@article{Sato:1980yn,
      author         = "Sato, K.",
      title          = "{First Order Phase Transition of a Vacuum and Expansion
                        of the Universe}",
      journal        = "Mon. Not. Roy. Astron. Soc.",
      volume         = "195",
      year           = "1981",
      pages          = "467-479",
      reportNumber   = "NORDITA-80-29",
      SLACcitation   = "%%CITATION = MNRAA,195,467;%%"
}

@article{Guth:1980zm,
      author         = "Guth, Alan H.",
      title          = "{The Inflationary Universe: A Possible Solution to the
                        Horizon and Flatness Problems}",
      journal        = "Phys. Rev.",
      volume         = "D23",
      year           = "1981",
      pages          = "347-356",
      doi            = "10.1103/PhysRevD.23.347",
      reportNumber   = "SLAC-PUB-2576",
      SLACcitation   = "%%CITATION = PHRVA,D23,347;%%"
}

@article{Linde:1981mu,
      author         = "Linde, Andrei D.",
      title          = "{A New Inflationary Universe Scenario: A Possible
                        Solution of the Horizon, Flatness, Homogeneity, Isotropy
                        and Primordial Monopole Problems}",
      booktitle      = "{Second Seminar on Quantum Gravity Moscow, USSR, October
                        13-15, 1981}",
      journal        = "Phys. Lett.",
      volume         = "B108",
      year           = "1982",
      pages          = "389-393",
      doi            = "10.1016/0370-2693(82)91219-9",
      reportNumber   = "LEBEDEV-81-229",
      SLACcitation   = "%%CITATION = PHLTA,B108,389;%%"
}

@article{Albrecht:1982wi,
      author         = "Albrecht, Andreas and Steinhardt, Paul J.",
      title          = "{Cosmology for Grand Unified Theories with Radiatively
                        Induced Symmetry Breaking}",
      journal        = "Phys. Rev. Lett.",
      volume         = "48",
      year           = "1982",
      pages          = "1220-1223",
      doi            = "10.1103/PhysRevLett.48.1220",
      reportNumber   = "UPR-0185T",
      SLACcitation   = "%%CITATION = PRLTA,48,1220;%%"
}

@article{Linde:1983gd,
      author         = "Linde, Andrei D.",
      title          = "{Chaotic Inflation}",
      journal        = "Phys. Lett.",
      volume         = "B129",
      year           = "1983",
      pages          = "177-181",
      doi            = "10.1016/0370-2693(83)90837-7",
      SLACcitation   = "%%CITATION = PHLTA,B129,177;%%"
}


%------------------- FLRW metric -------------------------

@ARTICLE{1922ZPhy...10..377F,
   author = {{Friedmann}, A.},
    title = "{{\"U}ber die Kr{\"u}mmung des Raumes}",
  journal = {Zeitschrift fur Physik},
     year = 1922,
   volume = 10,
    pages = {377-386},
      doi = {10.1007/BF01332580},
   adsurl = {http://adsabs.harvard.edu/abs/1922ZPhy...10..377F},
  adsnote = {Provided by the SAO/NASA Astrophysics Data System}
}

@ARTICLE{1931MNRAS..91..483L,
   author = {{Lema{\^i}tre}, G.},
    title = "{Expansion of the universe, A homogeneous universe of constant mass and increasing radius accounting for the radial velocity of extra-galactic nebulae}",
  journal = {\mnras},
     year = 1931,
    month = mar,
   volume = 91,
    pages = {483-490},
      doi = {10.1093/mnras/91.5.483},
   adsurl = {http://adsabs.harvard.edu/abs/1931MNRAS..91..483L},
  adsnote = {Provided by the SAO/NASA Astrophysics Data System}
}

@ARTICLE{1935ApJ....82..284R,
   author = {{Robertson}, H.~P.},
    title = "{Kinematics and World-Structure}",
  journal = {\apj},
     year = 1935,
    month = nov,
   volume = 82,
    pages = {284},
      doi = {10.1086/143681},
   adsurl = {http://adsabs.harvard.edu/abs/1935ApJ....82..284R},
  adsnote = {Provided by the SAO/NASA Astrophysics Data System}
}

@article{Walker01011937,
author = {Walker, A. G.}, 
title = {On Milne's Theory of World-Structure},
volume = {s2-42}, 
number = {1}, 
pages = {90-127}, 
year = {1937}, 
doi = {10.1112/plms/s2-42.1.90}, 
URL = {http://plms.oxfordjournals.org/content/s2-42/1/90.short}, 
eprint = {http://plms.oxfordjournals.org/content/s2-42/1/90.full.pdf+html}, 
journal = {Proceedings of the London Mathematical Society} 
}






